% This file was created with JabRef 2.10.
% Encoding: Cp1252


@Article{PDG2014,
  Title                    = {Review of Particle Physics},
  Author                   = {Olive, K.A. and others},
  Journal                  = {Chin.Phys.},
  Year                     = {2014},
  Pages                    = {090001},
  Volume                   = {C38},

  Collaboration            = {Particle Data Group},
  Doi                      = {10.1088/1674-1137/38/9/090001},
  Owner                    = {Jonas},
  Slaccitation             = {%%CITATION = CHPHD,C38,090001;%%},
  Timestamp                = {2015.06.09}
}

